@BOOK{Giustino2014,
  title = {Materials Modelling using Density Functional Theory},
  publisher = {Oxford University Press},
  year = {2014},
  author = {Feliciano Giustino},
  address = {Oxford}  
}

